<?xml version="1.0" encoding="UTF-8"?><collection xmlns="http://www.loc.gov/MARC21/slim"><record><leader>00359nam--2200121-i-4500</leader><controlfield tag="001">000004248</controlfield><controlfield tag="002">20161230</controlfield><controlfield tag="005">20161230201025</controlfield><controlfield tag="008">060222s1000------------r-----000-0-eng-d</controlfield><datafield ind1=" " ind2=" " tag="100"><subfield code="a">Bagnall, K.W</subfield></datafield><datafield ind1=" " ind2=" " tag="245"><subfield code="a">Chemistry of the rare radioelements.polonium-a ctinium.sponsored by the u.k.a.e.a.,harwell</subfield></datafield><datafield ind1=" " ind2=" " tag="260"><subfield code="a">London,Butterworth, 1957. X + 177 P</subfield></datafield><datafield ind1=" " ind2=" " tag="852"><subfield code="a">13731</subfield></datafield></record></collection>